@inproceedings{logan2010dynamic,
  title={The dynamic plant chondriome},
  author={Logan, David C},
  booktitle={Seminars in cell \& developmental biology},
  volume={21},
  number={6},
  pages={550--557},
  year={2010},
  organization={Elsevier}
}
@article{hoitzing2015function,
  title={What is the function of mitochondrial networks? A theoretical assessment of hypotheses and proposal for future research},
  author={Hoitzing, Hanne and Johnston, Iain G and Jones, Nick S},
  journal={Bioessays},
  volume={37},
  number={6},
  pages={687--700},
  year={2015},
  publisher={Wiley Online Library}
}
@article{twig2008fission,
  title={Fission and selective fusion govern mitochondrial segregation and elimination by autophagy},
  author={Twig, Gilad and Elorza, Alvaro and Molina, Anthony JA and Mohamed, Hibo and Wikstrom, Jakob D and Walzer, Gil and Stiles, Linsey and Haigh, Sarah E and Katz, Steve and Las, Guy and others},
  journal={The EMBO journal},
  volume={27},
  number={2},
  pages={433--446},
  year={2008},
  publisher={John Wiley \& Sons, Ltd Chichester, UK}
}
@article{twig2008mitochondrial,
  title={Mitochondrial fusion, fission and autophagy as a quality control axis: the bioenergetic view},
  author={Twig, Gilad and Hyde, Brigham and Shirihai, Orian S},
  journal={Biochimica et Biophysica Acta (BBA)-Bioenergetics},
  volume={1777},
  number={9},
  pages={1092--1097},
  year={2008},
  publisher={Elsevier}
}
@article{bereiter1994dynamics,
  title={Dynamics of mitochondria in living cells: shape changes, dislocations, fusion, and fission of mitochondria},
  author={Bereiter-Hahn, J and V{\"o}th, M},
  journal={Microscopy research and technique},
  volume={27},
  number={3},
  pages={198--219},
  year={1994},
  publisher={Wiley Online Library}
}
@article{pereira2021cellular,
  title={Cellular mechanisms of mtDNA heteroplasmy dynamics},
  author={Pereira, Claudia V and Gitschlag, Bryan L and Patel, Maulik R},
  journal={Critical reviews in biochemistry and molecular biology},
  volume={56},
  number={5},
  pages={510--525},
  year={2021},
  publisher={Taylor \& Francis}
}
